<record><leader>00000cas a22000007a 4500</leader><controlfield tag="001">16072225</controlfield><controlfield tag="008">870625d19uu19uupauwr ne      0    0eng d</controlfield><datafield ind1=" " ind2=" " tag="010"><subfield code="a">sn 87080392 </subfield></datafield><datafield ind1=" " ind2=" " tag="040"><subfield code="a">NPH</subfield><subfield code="b">eng</subfield><subfield code="c">NPH</subfield><subfield code="d">OCLCQ</subfield></datafield><datafield ind1=" " ind2=" " tag="042"><subfield code="a">msc</subfield></datafield><datafield ind1="0" ind2="4" tag="245"><subfield code="a">The Star-beacon.</subfield></datafield><datafield ind1=" " ind2=" " tag="260"><subfield code="a">Wilkes-Barre, Pa. :</subfield><subfield code="b">Burton Ellison Howards</subfield></datafield><datafield ind1=" " ind2=" " tag="300"><subfield code="a">v. :</subfield><subfield code="b">ill. ;</subfield><subfield code="c">28 cm.</subfield></datafield><datafield ind1=" " ind2=" " tag="310"><subfield code="a">Weekly</subfield></datafield><datafield ind1=" " ind2=" " tag="588"><subfield code="a">Description based on: Vol. 18, no. 36 (Sept. 9, 1955).</subfield></datafield><datafield ind1=" " ind2=" " tag="752"><subfield code="a">United States</subfield><subfield code="b">Pennsylvania</subfield><subfield code="c">Luzerne</subfield><subfield code="d">Wilkes-Barre.</subfield></datafield></record>